<?xml version="1.0" encoding="UTF-8"?>
<record xmlns="http://www.loc.gov/MARC21/slim" xmlns:xsi="http://www.w3.org/2001/XMLSchema-instance" xsi:schemaLocation="http://www.loc.gov/MARC21/slim http://www.loc.gov/standards/marcxml/schema/MARC21slim.xsd">
<leader>00000cam a22      a 4500</leader>
<controlfield tag="001">001927592</controlfield>
<controlfield tag="003">NNU</controlfield>
<controlfield tag="005">20150710163449.0</controlfield>
<controlfield tag="008">910426r19801933ir            000 0 ara d</controlfield>
<datafield tag="035" ind1=" " ind2=" ">
<subfield code="a">(OCoLC)477085882</subfield>
</datafield>
<datafield tag="040" ind1=" " ind2=" ">
<subfield code="a">NNU</subfield>
<subfield code="b">eng</subfield>
<subfield code="c">N15</subfield>
<subfield code="d">NDD</subfield>
<subfield code="d">OCLCA</subfield>
<subfield code="d">OCLCQ</subfield>
<subfield code="d">OCLCF</subfield>
<subfield code="d">OCLCO</subfield>
<subfield code="d">NNU</subfield>
</datafield>
<datafield tag="050" ind1=" " ind2="4">
<subfield code="a">BP194</subfield>
<subfield code="b">.S583 1980z</subfield>
</datafield>
<datafield tag="100" ind1="1" ind2=" ">
<subfield code="6">880-01</subfield>
<subfield code="a">Shubbar, ʻAbd Allāh ibn Muḥammad Riḍā,</subfield>
<subfield code="d">1774 or 1775-1826 or 1827.</subfield>
</datafield>
<datafield tag="245" ind1="1" ind2="0">
<subfield code="6">880-02</subfield>
<subfield code="a">Ḥaqq al-yaqīn fī maʻrifat uṣūl al-dīn /</subfield>
<subfield code="c">taʼlīf ʻAbd Allāh Shubbar.</subfield>
</datafield>
<datafield tag="260" ind1=" " ind2=" ">
<subfield code="6">880-03</subfield>
<subfield code="a">[Qom?] :</subfield>
<subfield code="b">Manshūrāt al-Aʻlamī,</subfield>
<subfield code="c">[198-]</subfield>
</datafield>
<datafield tag="300" ind1=" " ind2=" ">
<subfield code="a">2 volumes in l ;</subfield>
<subfield code="c">25 cm</subfield>
</datafield>
<datafield tag="336" ind1=" " ind2=" ">
<subfield code="a">text</subfield>
<subfield code="b">txt</subfield>
<subfield code="2">rdacontent</subfield>
</datafield>
<datafield tag="337" ind1=" " ind2=" ">
<subfield code="a">unmediated</subfield>
<subfield code="b">n</subfield>
<subfield code="2">rdamedia</subfield>
</datafield>
<datafield tag="338" ind1=" " ind2=" ">
<subfield code="a">volume</subfield>
<subfield code="b">nc</subfield>
<subfield code="2">rdacarrier</subfield>
</datafield>
<datafield tag="500" ind1=" " ind2=" ">
<subfield code="a">Originally published: Ṣaydā, [Lebanon] : Maṭbaʻat al-ʻIrfān, 1352 [1933 or 34].</subfield>
</datafield>
<datafield tag="650" ind1=" " ind2="0">
<subfield code="a">Shiah</subfield>
<subfield code="x">Doctrines</subfield>
<subfield code="v">Early works to 1800.</subfield>
</datafield>
<datafield tag="650" ind1=" " ind2="7">
<subfield code="a">Shīʻah</subfield>
<subfield code="x">Doctrines.</subfield>
<subfield code="2">fast</subfield>
<subfield code="0">(OCoLC)fst01117948</subfield>
</datafield>
<datafield tag="655" ind1=" " ind2="7">
<subfield code="a">Early works.</subfield>
<subfield code="2">fast</subfield>
<subfield code="0">(OCoLC)fst01411636</subfield>
</datafield>
<datafield tag="880" ind1="1" ind2=" ">
<subfield code="6">100-01/</subfield>
<subfield code="a">شبر، عبد الله بن محمد رضا،,</subfield>
<subfield code="d">1774 or 1775-1826 or 1827.</subfield>
</datafield>
<datafield tag="880" ind1="1" ind2="0">
<subfield code="6">245-02/</subfield>
<subfield code="a">حق اليقين في معرفة اصول الدين /</subfield>
<subfield code="c">تأليف عبد الله شبر.</subfield>
</datafield>
<datafield tag="880" ind1=" " ind2=" ">
<subfield code="6">260-03/</subfield>
<subfield code="a">[قم؟] :</subfield>
<subfield code="b">منشورات الاعلمي،</subfield>
<subfield code="c">[198-]</subfield>
</datafield>
<datafield tag="OWN" ind1=" " ind2=" ">
<subfield code="a">GENERAL</subfield>
</datafield>
<datafield tag="AVA" ind1=" " ind2=" ">
<subfield code="a">NYU50</subfield>
<subfield code="b">BOBST</subfield>
<subfield code="c">Main Collection</subfield>
<subfield code="d">BP194 .S49 1980z</subfield>
<subfield code="e">unavailable</subfield>
<subfield code="t">Unavailable</subfield>
<subfield code="f">1</subfield>
<subfield code="g">1</subfield>
<subfield code="h">N</subfield>
<subfield code="i">0</subfield>
<subfield code="j">MAIN</subfield>
<subfield code="k">0</subfield>
</datafield>
</record>
